Date Published: 10 April 2014
PDF: 16 pages
Proc. SPIE 9061, Sensors and Smart Structures Technologies for Civil, Mechanical, and Aerospace Systems 2014, 90611O (10 April 2014); doi: 10.1117/12.2046510
Show Author Affiliations

BOES: Building Occupancy Estimation System using sparse ambient vibration monitoring
Author(s): Shijia Pan; Amelie Bonde; Jie Jing; Lin Zhang; Pei Zhang; Hae Young Noh

@ARTICLE{cite1,
	AUTHOR = "Shijia Pan; Amelie Bonde; Jie Jing; Lin Zhang; Pei Zhang; Hae Young Noh",
	TITLE = "BOES: Building Occupancy Estimation System using sparse ambient vibration monitoring",
	JOURNAL = {Sensors and Smart Structures Technologies for Civil, Mechanical, and Aerospace Systems},
	VOLUME = {9061},
	NUMBER = {16},
	PAGES = {118},
	MONTH = "April",
	YEAR = {1991}	}

@ARTICLE{cite2,
	TITLE = "European union directive on the energy performance of buildings (EPBD)",
	JOURNAL = {European Commission, Tech. Rep. 2002/91/EC,},
	YEAR = {2002}	}

	European Commission, “European union directive on the energy per- formance of buildings (EPBD),” European Commission, Tech. Rep. 2002/91/EC, 2002. 

@ARTICLE{cite3,
	AUTHOR = "F. Wahl, M. Milenkovic, O. Amft",
	TITLE = "A distributed PIR-based approach for estimating people count in office environments",
	JOURNAL = {2012 IEEE 15th International Conference on Computational Science and Engineering},
	PAGES = {640-647},
	YEAR = {2012}	}

2012 IEEE 15th International Conference on Computational Science and Engineering
A distributed PIR-based approach for estimating people count in office environments
F. Wahl, M. Milenkovic, O. Amft ACTLab, Signal Processing Systems, TU Eindhoven
Pages 640-647 

@ARTICLE{cite4,
	AUTHOR = "Thiago Teixeira, Gershon Dublon, Andreas Savvides",
	TITLE = "A Survey of Human-Sensing: Methods for Detecting Presence, Count, Location, Track, and Identity",
	JOURNAL = {ENALAB technical report},
	YEAR = {2010}	}

A Survey of Human-Sensing: Methods for Detecting Presence, Count, Location, Track, and Identity
Authors
THIAGO TEIXEIRA, GERSHON DUBLON, ANDREAS SAVVIDES
Publication date
2010
Journal
ENALAB technical report

@ARTICLE{bowman:reasoning,
	AUTHOR = "Mic Bowman and Saumya K. Debray and Larry L. Peterson",
	TITLE = "Reasoning About Naming Systems",
	JOURNAL = "ACM Trans. Program. Lang. Syst.",
	VOLUME = {15},
	NUMBER = {5},
	PAGES = {795-825},
	MONTH = "November",
	YEAR = {1993}	}

@ARTICLE{braams:babel,
	AUTHOR = "Johannes Braams",
	TITLE = "Babel, a Multilingual Style-Option System for Use with LaTeX's Standard Document Styles",
	JOURNAL = {TUGboat},
	VOLUME = {12},
	NUMBER = {2},
	PAGES = {291-301},
	MONTH = "June",
	YEAR = {1991}	}

@INPROCEEDINGS{clark:pct,
	AUTHOR = "Malcolm Clark",
	TITLE = "Post Congress Tristesse",
	BOOKTITLE = "TeX90 Conference Proceedings",
	PAGES = "84-89",
	ORGANIZATION = "TeX Users Group",
	MONTH = "March", 
	YEAR = {1991}	}

@ARTICLE{herlihy:methodology,
	AUTHOR = "Maurice Herlihy",
	TITLE = "A Methodology for Implementing Highly Concurrent
	Data Objects",
	JOURNAL = {ACM Trans. Program. Lang. Syst.},
	VOLUME = {15},
	NUMBER = {5},
	PAGES = {745-770},
	MONTH = "November",
	YEAR = {1993}	}

@BOOK{Lamport:LaTeX,
	AUTHOR = "Leslie Lamport",
	TITLE = "LaTeX User's Guide and Document Reference Manual",
	PUBLISHER = "Addison-Wesley Publishing Company",
	ADDRESS = "Reading, Massachusetts",
	YEAR = "1986"	}

@BOOK{salas:calculus,
	AUTHOR = "S.L. Salas and Einar Hille",
	TITLE = "Calculus: One and Several Variable",
	PUBLISHER = "John Wiley and Sons",
	ADDRESS = "New York",
	YEAR = "1978"	}






